<?xml version="1.0" encoding="utf-8"?>
<record xmlns="http://www.loc.gov/MARC21/slim" xmlns:xsi="http://www.w3.org/2001/XMLSchema-instance" xsi:schemaLocation="http://www.loc.gov/MARC21/slim http://www.loc.gov/standards/marcxml/schema/MARC21slim.xsd">
	<leader>     nam a22     Mi 4500</leader>
	<controlfield tag="001">b12370654</controlfield>
	<controlfield tag="003">LeBAU</controlfield>
	<controlfield tag="006">m        d        </controlfield>
	<controlfield tag="007">cr cn |||m|||a</controlfield>
	<controlfield tag="008">190123s1924    ua      o     ||0 0 ara d</controlfield>
	<datafield ind1=" " ind2=" " tag="040">
		<subfield code="a">ZYU</subfield>
		<subfield code="b">ara</subfield>
		<subfield code="e">rda</subfield>
		<subfield code="c">ZYU</subfield>
	</datafield>
	<datafield ind1=" " ind2="4" tag="050">
		<subfield code="a">BL221</subfield>
		<subfield code="b">.B58 1924</subfield>
	</datafield>
	<datafield ind1="0" ind2="4" tag="082">
		<subfield code="a">297.31</subfield>
		<subfield code="2">20</subfield>
	</datafield>
	<datafield ind1="1" ind2=" " tag="100">
		<subfield code="6">880-01</subfield>
		<subfield code="a">Bājūrī, Ibrāhīm ibn Muḥammad,</subfield>
		<subfield code="d">1783 or 1784-1860,</subfield>
		<subfield code="e">author.</subfield>
	</datafield>
	<datafield ind1="1" ind2="0" tag="245">
		<subfield code="6">880-02</subfield>
		<subfield code="a">Ḥāshiyat al-ʻālim al-ʻallāmah al-ḥabr al-baḥr al-fahhāmah al-ustādh al-humām shaykh mashāyikh al-Islām al-Shaykh Ibrāhīm al-Bayjūrī :</subfield>
		<subfield code="b">ʻalá Matn al-Sanūsīyah lil-imām al-ʻālim al-ʻallāmah Abū ʻAbd Allāh Muḥammad ibn Muḥammad ibn Yūsuf al-Sanūsī. Wa-bi-hāmishihā taqrīr al-ʻAllāmah al-Shams al-Anbābī muqābalan ʻalá khaṭṭih.</subfield>
	</datafield>
	<datafield ind1="3" ind2="0" tag="246">
		<subfield code="6">880-03</subfield>
		<subfield code="a">Ḥāshiyat al-Bayjūrī</subfield>
	</datafield>
	<datafield ind1=" " ind2="1" tag="264">
		<subfield code="6">880-04</subfield>
		<subfield code="a">Miṣr :</subfield>
		<subfield code="b">Maṭbaʻat Muṣṭafá al-Bābī al-Ḥalabī wa-Awlāduh,</subfield>
		<subfield code="c">1343 H., [1924? M.]</subfield>
	</datafield>
	<datafield ind1=" " ind2=" " tag="300">
		<subfield code="6">880-05</subfield>
		<subfield code="a">online resource (60 pages)</subfield>
	</datafield>
	<datafield ind1=" " ind2=" " tag="336">
		<subfield code="a">text</subfield>
		<subfield code="2">rdacontent</subfield>
	</datafield>
	<datafield ind1=" " ind2=" " tag="337">
		<subfield code="a">computer</subfield>
		<subfield code="2">rdamedia</subfield>
	</datafield>
	<datafield ind1=" " ind2=" " tag="338">
		<subfield code="a">online resource</subfield>
		<subfield code="2">rdacarrier</subfield>
	</datafield>
	<datafield ind1=" " ind2=" " tag="500">
		<subfield code="a">Part of the Arabic Collections Online (ACO) project, contributed by American University of Beirut's Jafet Memorial Library.</subfield>
	</datafield>
	<datafield ind1=" " ind2=" " tag="533">
		<subfield code="a">Electronic reproduction.</subfield>
		<subfield code="b">New York, N.Y. :</subfield>
		<subfield code="c">New York University,</subfield>
		<subfield code="d">2019.</subfield>
		<subfield code="5">NNU</subfield>
	</datafield>
	<datafield ind1="1" ind2="0" tag="600">
		<subfield code="6">880-06</subfield>
		<subfield code="a">Sanūsī, Muḥammad ibn Yūsuf,</subfield>
		<subfield code="d">approximately 1427-approximately 1490.</subfield>
		<subfield code="t">Sanūsīyah.</subfield>
	</datafield>
	<datafield ind1=" " ind2="0" tag="650">
		<subfield code="6">880-07</subfield>
		<subfield code="a">Monotheism</subfield>
		<subfield code="v">Early works to 1800.</subfield>
	</datafield>
	<datafield ind1=" " ind2="0" tag="650">
		<subfield code="6">880-08</subfield>
		<subfield code="a">Islam</subfield>
		<subfield code="x">Doctrines</subfield>
		<subfield code="v">Early works to 1800.</subfield>
	</datafield>
	<datafield ind1="1" ind2="2" tag="700">
		<subfield code="6">880-09</subfield>
		<subfield code="a">Anbābī, Muḥammad ibn Muḥammad,</subfield>
		<subfield code="d">1824 or 1825-1895 or 1896.</subfield>
		<subfield code="t">Taqrīr.</subfield>
	</datafield>
	<datafield ind1="1" ind2="2" tag="700">
		<subfield code="6">880-10</subfield>
		<subfield code="a">Sanūsī, Muḥammad ibn Yūsuf,</subfield>
		<subfield code="d">approximately 1427-approximately 1490.</subfield>
		<subfield code="t">Sanūsīyah.</subfield>
	</datafield>
	<datafield ind1="2" ind2=" " tag="710">
		<subfield code="a">Jafet Memorial Library.</subfield>
	</datafield>
	<datafield ind1="0" ind2=" " tag="730">
		<subfield code="a">Arabic Collections Online.</subfield>
	</datafield>
	<datafield ind1="0" ind2=" " tag="775">
		<subfield code="6">880-11</subfield>
		<subfield code="i">has designation of edition</subfield>
		<subfield code="4">http://rdaregistry.info/Elements/m/P30133:</subfield>
		<subfield code="t">Ḥāshiyat shaykh al-Islām al-Shaykh Ibrāhīm al-Bayjūrī al-mutawaffá sanat 1198 H. ʻalá Matn al-Sanūsīyah fī ʻilm al-tawḥīd li-Abī ʻAbd Allāh Muḥammad ibn Muḥammad ibn Yūsuf al-Sanūsī al-mutawaffá sanat 895 H. Wa-bi-hāmishihā taqrīr Shams al-Dīn Muḥammad al-Anbābī shaykh al-Jāmiʻ al-Azhar al-mutawaffá sanat 1313 H.</subfield>
		<subfield code="b">al-Ṭabʻah al-thānīyah.</subfield>
		<subfield code="d">Miṣr : Maktabat wa-Maṭbaʻat Muṣṭafá al-Bābī al-Ḥalabī wa-Awlāduh, 1374 H. = 1955 M.</subfield>
		<subfield code="w">(OCoLC)936117211</subfield>
		<subfield code="w">(OCoLC)936117211</subfield>
	</datafield>
	<datafield ind1="0" ind2="8" tag="776">
		<subfield code="i">Print version:</subfield>
		<subfield code="a">Bājūrī, Ibrāhīm ibn Muḥammad, 1783 or 1784-1860, author.</subfield>
		<subfield code="t">Ḥāshiyat al-ʻālim al-ʻallāmah al-ḥabr al-baḥr al-fahhāmah al-ustādh al-humām shaykh mashāyikh al-Islām al-Shaykh Ibrāhīm al-Bayjūrī</subfield>
		<subfield code="w">(LeBAU)b12370654</subfield>
	</datafield>
	<datafield ind1="4" ind2="0" tag="856">
		<subfield code="u">http://hdl.handle.net/2333.1/n02v7471</subfield>
	</datafield>
	<datafield ind1="1" ind2=" " tag="880">
		<subfield code="6">100-01</subfield>
		<subfield code="a">الباجوري، ابراهيم بن محمد،</subfield>
		<subfield code="d">1783 او 1784-1860،</subfield>
		<subfield code="e">مؤلف.</subfield>
		<subfield code="4">aut.</subfield>
	</datafield>
	<datafield ind1="1" ind2="0" tag="880">
		<subfield code="6">245-02</subfield>
		<subfield code="a">حاشية العالم العلامة الحبر البحر الفهامة الأستاذ الهمام شيخ مشايخ الإسلام الشيخ إبراهيم البيجوري :</subfield>
		<subfield code="b">على متن السنوسية للإمام العالم العلامة أبو عبدلله محمد بن محمد بن يوسف السنوسي. وبهامشها تقرير العلامة الشمس الأنبابي مقابلاً على خطه.</subfield>
	</datafield>
	<datafield ind1="3" ind2="0" tag="880">
		<subfield code="6">246-03</subfield>
		<subfield code="a">حاشية البيجوري</subfield>
	</datafield>
	<datafield ind1=" " ind2="1" tag="880">
		<subfield code="6">264-04</subfield>
		<subfield code="a">مصر :</subfield>
		<subfield code="b">مطبعة مصطفى البابي الحلبي وأولاده،</subfield>
		<subfield code="c">1343 هـ.، [1924؟ م.]</subfield>
	</datafield>
	<datafield ind1=" " ind2=" " tag="880">
		<subfield code="6">300-05</subfield>
		<subfield code="a">60 صفحة ؛</subfield>
		<subfield code="c">29 سم</subfield>
	</datafield>
	<datafield ind1="1" ind2="4" tag="880">
		<subfield code="6">600-06</subfield>
		<subfield code="a">السنوسي، محمد بن يوسف،</subfield>
		<subfield code="d">حوالي 1427-حوالي 1490.</subfield>
		<subfield code="t">السنوسية.</subfield>
	</datafield>
	<datafield ind1=" " ind2="4" tag="880">
		<subfield code="6">650-07</subfield>
		<subfield code="a">التوحيد</subfield>
		<subfield code="v">اعمال قديمة حتى 1800.</subfield>
	</datafield>
	<datafield ind1=" " ind2="4" tag="880">
		<subfield code="6">650-08</subfield>
		<subfield code="a">الاسلام</subfield>
		<subfield code="x">عقائد</subfield>
		<subfield code="v">اعمال قديمة حتى 1800.</subfield>
	</datafield>
	<datafield ind1="1" ind2="2" tag="880">
		<subfield code="6">700-09</subfield>
		<subfield code="a">الانبابي، محمد بن محمد،</subfield>
		<subfield code="d">1824 او 1825-1895 او 1896.</subfield>
		<subfield code="t">تقرير.</subfield>
	</datafield>
	<datafield ind1="1" ind2="2" tag="880">
		<subfield code="6">700-10</subfield>
		<subfield code="a">السنوسي، محمد بن يوسف،</subfield>
		<subfield code="d">حوالي 1427-حوالي 1490.</subfield>
		<subfield code="t">السنوسية.</subfield>
	</datafield>
	<datafield ind1="0" ind2=" " tag="880">
		<subfield code="6">775-11</subfield>
		<subfield code="i">دلالة على الطبعة</subfield>
		<subfield code="4">http://rdaregistry.info/Elements/m/P30133:</subfield>
		<subfield code="t">حاشية شيخ الإسلام الشيخ إبراهيم البيجوري المتوفى سنة 1198 هـ. على متن السنوسية في علم التوحيد لأبي عبد الله محمد بن محمد بن يوسف السنوسي المتوفى سنة 895 هـ. وبهامشه تقرير شمس الدين محمد الأنبابي شيخ الجامع الأزهر المتوفى سنة 1313 هـ.</subfield>
		<subfield code="b">الطبعة الثانية.</subfield>
		<subfield code="d">مصر : مكتبة ومطبعة مصطفي البابي الحلبي وأولاده، 1374 هـ. = 1955 م.</subfield>
		<subfield code="w">b1793297x</subfield>
		<subfield code="w">(OCoLC)936117211</subfield>
	</datafield>
	<datafield ind1=" " ind2=" " tag="959">
		<subfield code="a">NNU</subfield>
		<subfield code="b">WEB</subfield>
		<subfield code="c">GENI</subfield>
		<subfield code="t">0</subfield>
		<subfield code="m">Electronic access</subfield>
		<subfield code="s">01</subfield>
	</datafield>
	<datafield ind1=" " ind2=" " tag="999">
		<subfield code="i">LeBAU_b12370654</subfield>
		<subfield code="s">aub_aco002334</subfield>
		<subfield code="e">(ERROR-MISC)</subfield>
		<subfield code="s">aub_aco002334</subfield>
	</datafield>
</record>
